<?xml version="1.0" encoding="UTF-8"?><collection xmlns="http://www.loc.gov/MARC21/slim"><record><leader>00411nam--2200157-i-4500</leader><controlfield tag="001">000018698</controlfield><controlfield tag="002">20161230</controlfield><controlfield tag="005">20170103223140</controlfield><controlfield tag="008">060222s1000------------r-----000-0-eng-d</controlfield><datafield ind1=" " ind2=" " tag="080"><subfield code="a">543.423</subfield></datafield><datafield ind1=" " ind2=" " tag="245"><subfield code="a">Emissions spektroscopie</subfield><subfield code="b">Mit 253 Abbildungen Und 70 Tabellen</subfield></datafield><datafield ind1=" " ind2=" " tag="260"><subfield code="a">Berlin</subfield><subfield code="b">Akademie-Verlag</subfield><subfield code="c">1964</subfield></datafield><datafield ind1=" " ind2=" " tag="300"><subfield code="a">411 p</subfield></datafield><datafield ind1=" " ind2=" " tag="700"><subfield code="a">Holdt, Gottfried</subfield></datafield><datafield ind1=" " ind2=" " tag="852"><subfield code="a">20654</subfield></datafield><datafield ind1=" " ind2=" " tag="CAT"><subfield code="a">SYS</subfield><subfield code="c">20170103</subfield><subfield code="h">223140</subfield></datafield></record></collection>